%YAML 1.1
%TAG !u! tag:unity3d.com,2011:
--- !u!1 &2896394942783837
GameObject:
  m_ObjectHideFlags: 0
  m_CorrespondingSourceObject: {fileID: 0}
  m_PrefabInstance: {fileID: 0}
  m_PrefabAsset: {fileID: 0}
  serializedVersion: 6
  m_Component:
  - component: {fileID: 3708995104417108819}
  - component: {fileID: 3995891489813183590}
  - component: {fileID: 7109773977242356529}
  - component: {fileID: 3322921471351664246}
  - component: {fileID: 251386488808664681}
  - component: {fileID: 114231293762688496}
  m_Layer: 12
  m_Name: ExplosiveBow_Weapon
  m_TagString: Untagged
  m_Icon: {fileID: 0}
  m_NavMeshLayer: 0
  m_StaticEditorFlags: 0
  m_IsActive: 1
--- !u!4 &3708995104417108819
Transform:
  m_ObjectHideFlags: 0
  m_CorrespondingSourceObject: {fileID: 0}
  m_PrefabInstance: {fileID: 0}
  m_PrefabAsset: {fileID: 0}
  m_GameObject: {fileID: 2896394942783837}
  m_LocalRotation: {x: -0, y: -0, z: -0, w: 1}
  m_LocalPosition: {x: 0, y: 0, z: 0}
  m_LocalScale: {x: 1, y: 1, z: 1}
  m_Children:
  - {fileID: 152570431585911275}
  - {fileID: 9074760903865355224}
  m_Father: {fileID: 0}
  m_RootOrder: 0
  m_LocalEulerAnglesHint: {x: 0, y: 0, z: 0}
--- !u!212 &3995891489813183590
SpriteRenderer:
  m_ObjectHideFlags: 0
  m_CorrespondingSourceObject: {fileID: 0}
  m_PrefabInstance: {fileID: 0}
  m_PrefabAsset: {fileID: 0}
  m_GameObject: {fileID: 2896394942783837}
  m_Enabled: 1
  m_CastShadows: 0
  m_ReceiveShadows: 0
  m_DynamicOccludee: 1
  m_MotionVectors: 1
  m_LightProbeUsage: 1
  m_ReflectionProbeUsage: 1
  m_RenderingLayerMask: 1
  m_RendererPriority: 0
  m_Materials:
  - {fileID: 10754, guid: 0000000000000000f000000000000000, type: 0}
  m_StaticBatchInfo:
    firstSubMesh: 0
    subMeshCount: 0
  m_StaticBatchRoot: {fileID: 0}
  m_ProbeAnchor: {fileID: 0}
  m_LightProbeVolumeOverride: {fileID: 0}
  m_ScaleInLightmap: 1
  m_PreserveUVs: 0
  m_IgnoreNormalsForChartDetection: 0
  m_ImportantGI: 0
  m_StitchLightmapSeams: 0
  m_SelectedEditorRenderState: 0
  m_MinimumChartSize: 4
  m_AutoUVMaxDistance: 0.5
  m_AutoUVMaxAngle: 89
  m_LightmapParameters: {fileID: 0}
  m_SortingLayerID: 0
  m_SortingLayer: 0
  m_SortingOrder: 0
  m_Sprite: {fileID: 21300000, guid: 18c56730bda7c6f42bb88eef2f36dad0, type: 3}
  m_Color: {r: 1, g: 1, b: 1, a: 1}
  m_FlipX: 0
  m_FlipY: 0
  m_DrawMode: 0
  m_Size: {x: 1, y: 1}
  m_AdaptiveModeThreshold: 0.5
  m_SpriteTileMode: 0
  m_WasSpriteAssigned: 1
  m_MaskInteraction: 0
  m_SpriteSortPoint: 0
--- !u!50 &7109773977242356529
Rigidbody2D:
  serializedVersion: 4
  m_ObjectHideFlags: 0
  m_CorrespondingSourceObject: {fileID: 0}
  m_PrefabInstance: {fileID: 0}
  m_PrefabAsset: {fileID: 0}
  m_GameObject: {fileID: 2896394942783837}
  m_BodyType: 0
  m_Simulated: 1
  m_UseFullKinematicContacts: 0
  m_UseAutoMass: 0
  m_Mass: 1
  m_LinearDrag: 0
  m_AngularDrag: 0.05
  m_GravityScale: 1
  m_Material: {fileID: 0}
  m_Interpolate: 0
  m_SleepingMode: 1
  m_CollisionDetection: 0
  m_Constraints: 0
--- !u!61 &3322921471351664246
BoxCollider2D:
  m_ObjectHideFlags: 0
  m_CorrespondingSourceObject: {fileID: 0}
  m_PrefabInstance: {fileID: 0}
  m_PrefabAsset: {fileID: 0}
  m_GameObject: {fileID: 2896394942783837}
  m_Enabled: 1
  m_Density: 1
  m_Material: {fileID: 0}
  m_IsTrigger: 1
  m_UsedByEffector: 0
  m_UsedByComposite: 0
  m_Offset: {x: 0.11814362, y: 0.10562691}
  m_SpriteTilingProperty:
    border: {x: 0, y: 0, z: 0, w: 0}
    pivot: {x: 0.41593185, y: 0.5}
    oldSize: {x: 1, y: 1}
    newSize: {x: 1, y: 1}
    adaptiveTilingThreshold: 0.5
    drawMode: 0
    adaptiveTiling: 0
  m_AutoTiling: 0
  serializedVersion: 2
  m_Size: {x: 0.6970676, y: 0.51004833}
  m_EdgeRadius: 0
--- !u!114 &251386488808664681
MonoBehaviour:
  m_ObjectHideFlags: 0
  m_CorrespondingSourceObject: {fileID: 0}
  m_PrefabInstance: {fileID: 0}
  m_PrefabAsset: {fileID: 0}
  m_GameObject: {fileID: 2896394942783837}
  m_Enabled: 1
  m_EditorHideFlags: 0
  m_Script: {fileID: 11500000, guid: f2d43871d103cb34bb6b4799e133b7b8, type: 3}
  m_Name: 
  m_EditorClassIdentifier: 
  meeleeWeaponData: {fileID: 11400000, guid: cffe316a19cdde142a940040ddae4608, type: 2}
--- !u!114 &114231293762688496
MonoBehaviour:
  m_ObjectHideFlags: 0
  m_CorrespondingSourceObject: {fileID: 0}
  m_PrefabInstance: {fileID: 0}
  m_PrefabAsset: {fileID: 0}
  m_GameObject: {fileID: 2896394942783837}
  m_Enabled: 1
  m_EditorHideFlags: 0
  m_Script: {fileID: 11500000, guid: 52839946b42d4c74a85d9dbba3294a0b, type: 3}
  m_Name: 
  m_EditorClassIdentifier: 
  lay:
    serializedVersion: 2
    m_Bits: 0
  destroyOnContact: 0
  randomForce: 0
  canDie: 0
  canDamageEnemies: 0
  forceY: 0
  forceX: 0
  destroyDelay: 9999
  playSoundOnCollision: 0
  hitEffect: {fileID: 8449085504335236205, guid: 98a85a42e0effec49a2c0ba3f02c2e33,
    type: 3}
--- !u!1 &609466870974788355
GameObject:
  m_ObjectHideFlags: 0
  m_CorrespondingSourceObject: {fileID: 0}
  m_PrefabInstance: {fileID: 0}
  m_PrefabAsset: {fileID: 0}
  serializedVersion: 6
  m_Component:
  - component: {fileID: 152570431585911275}
  - component: {fileID: 8513954019717759297}
  - component: {fileID: 2082188442856606922}
  m_Layer: 14
  m_Name: GameObject
  m_TagString: Untagged
  m_Icon: {fileID: 0}
  m_NavMeshLayer: 0
  m_StaticEditorFlags: 0
  m_IsActive: 1
--- !u!4 &152570431585911275
Transform:
  m_ObjectHideFlags: 0
  m_CorrespondingSourceObject: {fileID: 0}
  m_PrefabInstance: {fileID: 0}
  m_PrefabAsset: {fileID: 0}
  m_GameObject: {fileID: 609466870974788355}
  m_LocalRotation: {x: -0, y: -0, z: -0, w: 1}
  m_LocalPosition: {x: 0.155, y: 0.36, z: 0}
  m_LocalScale: {x: 0.012499999, y: 0.525, z: 1}
  m_Children: []
  m_Father: {fileID: 3708995104417108819}
  m_RootOrder: 0
  m_LocalEulerAnglesHint: {x: 0, y: 0, z: 0}
--- !u!61 &8513954019717759297
BoxCollider2D:
  m_ObjectHideFlags: 0
  m_CorrespondingSourceObject: {fileID: 0}
  m_PrefabInstance: {fileID: 0}
  m_PrefabAsset: {fileID: 0}
  m_GameObject: {fileID: 609466870974788355}
  m_Enabled: 1
  m_Density: 1
  m_Material: {fileID: 0}
  m_IsTrigger: 0
  m_UsedByEffector: 0
  m_UsedByComposite: 0
  m_Offset: {x: 1.1700001, y: -0.7288047}
  m_SpriteTilingProperty:
    border: {x: 0, y: 0, z: 0, w: 0}
    pivot: {x: 0.5, y: 0.5}
    oldSize: {x: 1, y: 1}
    newSize: {x: 1, y: 1}
    adaptiveTilingThreshold: 0.5
    drawMode: 0
    adaptiveTiling: 0
  m_AutoTiling: 0
  serializedVersion: 2
  m_Size: {x: 11.884691, y: 0.7407345}
  m_EdgeRadius: 0
--- !u!212 &2082188442856606922
SpriteRenderer:
  m_ObjectHideFlags: 0
  m_CorrespondingSourceObject: {fileID: 0}
  m_PrefabInstance: {fileID: 0}
  m_PrefabAsset: {fileID: 0}
  m_GameObject: {fileID: 609466870974788355}
  m_Enabled: 1
  m_CastShadows: 0
  m_ReceiveShadows: 0
  m_DynamicOccludee: 1
  m_MotionVectors: 1
  m_LightProbeUsage: 1
  m_ReflectionProbeUsage: 1
  m_RenderingLayerMask: 1
  m_RendererPriority: 0
  m_Materials:
  - {fileID: 10754, guid: 0000000000000000f000000000000000, type: 0}
  m_StaticBatchInfo:
    firstSubMesh: 0
    subMeshCount: 0
  m_StaticBatchRoot: {fileID: 0}
  m_ProbeAnchor: {fileID: 0}
  m_LightProbeVolumeOverride: {fileID: 0}
  m_ScaleInLightmap: 1
  m_PreserveUVs: 0
  m_IgnoreNormalsForChartDetection: 0
  m_ImportantGI: 0
  m_StitchLightmapSeams: 0
  m_SelectedEditorRenderState: 0
  m_MinimumChartSize: 4
  m_AutoUVMaxDistance: 0.5
  m_AutoUVMaxAngle: 89
  m_LightmapParameters: {fileID: 0}
  m_SortingLayerID: 0
  m_SortingLayer: 0
  m_SortingOrder: 0
  m_Sprite: {fileID: 21300000, guid: 4f70db187e19a7f4886de45dd3aef543, type: 3}
  m_Color: {r: 0, g: 1, b: 0.025779247, a: 0.19607843}
  m_FlipX: 0
  m_FlipY: 0
  m_DrawMode: 0
  m_Size: {x: 1, y: 1}
  m_AdaptiveModeThreshold: 0.5
  m_SpriteTileMode: 0
  m_WasSpriteAssigned: 1
  m_MaskInteraction: 0
  m_SpriteSortPoint: 0
--- !u!1001 &8305845463886527413
PrefabInstance:
  m_ObjectHideFlags: 0
  serializedVersion: 2
  m_Modification:
    m_TransformParent: {fileID: 3708995104417108819}
    m_Modifications:
    - target: {fileID: 1059555955886370920, guid: 3d0ae3cf5da0ba3409cedcfbdbc9e035,
        type: 3}
      propertyPath: m_Name
      value: WeaponName
      objectReference: {fileID: 0}
    - target: {fileID: 1059555955886370921, guid: 3d0ae3cf5da0ba3409cedcfbdbc9e035,
        type: 3}
      propertyPath: m_textInfo.characterCount
      value: 12
      objectReference: {fileID: 0}
    - target: {fileID: 1059555955886370921, guid: 3d0ae3cf5da0ba3409cedcfbdbc9e035,
        type: 3}
      propertyPath: m_textInfo.spaceCount
      value: 2
      objectReference: {fileID: 0}
    - target: {fileID: 1059555955886370921, guid: 3d0ae3cf5da0ba3409cedcfbdbc9e035,
        type: 3}
      propertyPath: m_textInfo.wordCount
      value: 3
      objectReference: {fileID: 0}
    - target: {fileID: 1059555955886370921, guid: 3d0ae3cf5da0ba3409cedcfbdbc9e035,
        type: 3}
      propertyPath: m_textInfo.lineCount
      value: 1
      objectReference: {fileID: 0}
    - target: {fileID: 1059555955886370921, guid: 3d0ae3cf5da0ba3409cedcfbdbc9e035,
        type: 3}
      propertyPath: m_textInfo.pageCount
      value: 1
      objectReference: {fileID: 0}
    - target: {fileID: 1059555955886370921, guid: 3d0ae3cf5da0ba3409cedcfbdbc9e035,
        type: 3}
      propertyPath: m_text
      value: Name Type 93
      objectReference: {fileID: 0}
    - target: {fileID: 1059555955886370921, guid: 3d0ae3cf5da0ba3409cedcfbdbc9e035,
        type: 3}
      propertyPath: m_fontColor32.rgba
      value: 4278517875
      objectReference: {fileID: 0}
    - target: {fileID: 1059555955886370921, guid: 3d0ae3cf5da0ba3409cedcfbdbc9e035,
        type: 3}
      propertyPath: m_textAlignment
      value: 514
      objectReference: {fileID: 0}
    - target: {fileID: 1059555955886370925, guid: 3d0ae3cf5da0ba3409cedcfbdbc9e035,
        type: 3}
      propertyPath: m_LocalPosition.x
      value: 0
      objectReference: {fileID: 0}
    - target: {fileID: 1059555955886370925, guid: 3d0ae3cf5da0ba3409cedcfbdbc9e035,
        type: 3}
      propertyPath: m_LocalPosition.y
      value: 0
      objectReference: {fileID: 0}
    - target: {fileID: 1059555955886370925, guid: 3d0ae3cf5da0ba3409cedcfbdbc9e035,
        type: 3}
      propertyPath: m_LocalPosition.z
      value: 0
      objectReference: {fileID: 0}
    - target: {fileID: 1059555955886370925, guid: 3d0ae3cf5da0ba3409cedcfbdbc9e035,
        type: 3}
      propertyPath: m_LocalRotation.x
      value: -0
      objectReference: {fileID: 0}
    - target: {fileID: 1059555955886370925, guid: 3d0ae3cf5da0ba3409cedcfbdbc9e035,
        type: 3}
      propertyPath: m_LocalRotation.y
      value: -0
      objectReference: {fileID: 0}
    - target: {fileID: 1059555955886370925, guid: 3d0ae3cf5da0ba3409cedcfbdbc9e035,
        type: 3}
      propertyPath: m_LocalRotation.z
      value: -0
      objectReference: {fileID: 0}
    - target: {fileID: 1059555955886370925, guid: 3d0ae3cf5da0ba3409cedcfbdbc9e035,
        type: 3}
      propertyPath: m_LocalRotation.w
      value: 1
      objectReference: {fileID: 0}
    - target: {fileID: 1059555955886370925, guid: 3d0ae3cf5da0ba3409cedcfbdbc9e035,
        type: 3}
      propertyPath: m_RootOrder
      value: 1
      objectReference: {fileID: 0}
    - target: {fileID: 1059555955886370925, guid: 3d0ae3cf5da0ba3409cedcfbdbc9e035,
        type: 3}
      propertyPath: m_LocalEulerAnglesHint.x
      value: 0
      objectReference: {fileID: 0}
    - target: {fileID: 1059555955886370925, guid: 3d0ae3cf5da0ba3409cedcfbdbc9e035,
        type: 3}
      propertyPath: m_LocalEulerAnglesHint.y
      value: 0
      objectReference: {fileID: 0}
    - target: {fileID: 1059555955886370925, guid: 3d0ae3cf5da0ba3409cedcfbdbc9e035,
        type: 3}
      propertyPath: m_LocalEulerAnglesHint.z
      value: 0
      objectReference: {fileID: 0}
    - target: {fileID: 1059555955886370925, guid: 3d0ae3cf5da0ba3409cedcfbdbc9e035,
        type: 3}
      propertyPath: m_AnchoredPosition.x
      value: 0.003
      objectReference: {fileID: 0}
    - target: {fileID: 1059555955886370925, guid: 3d0ae3cf5da0ba3409cedcfbdbc9e035,
        type: 3}
      propertyPath: m_AnchoredPosition.y
      value: -0.2
      objectReference: {fileID: 0}
    - target: {fileID: 1059555955886370925, guid: 3d0ae3cf5da0ba3409cedcfbdbc9e035,
        type: 3}
      propertyPath: m_SizeDelta.x
      value: 20
      objectReference: {fileID: 0}
    - target: {fileID: 1059555955886370925, guid: 3d0ae3cf5da0ba3409cedcfbdbc9e035,
        type: 3}
      propertyPath: m_SizeDelta.y
      value: 5
      objectReference: {fileID: 0}
    - target: {fileID: 1059555955886370925, guid: 3d0ae3cf5da0ba3409cedcfbdbc9e035,
        type: 3}
      propertyPath: m_AnchorMin.x
      value: 0.5
      objectReference: {fileID: 0}
    - target: {fileID: 1059555955886370925, guid: 3d0ae3cf5da0ba3409cedcfbdbc9e035,
        type: 3}
      propertyPath: m_AnchorMin.y
      value: 0.5
      objectReference: {fileID: 0}
    - target: {fileID: 1059555955886370925, guid: 3d0ae3cf5da0ba3409cedcfbdbc9e035,
        type: 3}
      propertyPath: m_AnchorMax.x
      value: 0.5
      objectReference: {fileID: 0}
    - target: {fileID: 1059555955886370925, guid: 3d0ae3cf5da0ba3409cedcfbdbc9e035,
        type: 3}
      propertyPath: m_AnchorMax.y
      value: 0.5
      objectReference: {fileID: 0}
    - target: {fileID: 1059555955886370925, guid: 3d0ae3cf5da0ba3409cedcfbdbc9e035,
        type: 3}
      propertyPath: m_Pivot.x
      value: 0.5
      objectReference: {fileID: 0}
    - target: {fileID: 1059555955886370925, guid: 3d0ae3cf5da0ba3409cedcfbdbc9e035,
        type: 3}
      propertyPath: m_Pivot.y
      value: 0.5
      objectReference: {fileID: 0}
    - target: {fileID: 1059555955886370927, guid: 3d0ae3cf5da0ba3409cedcfbdbc9e035,
        type: 3}
      propertyPath: m_Mesh
      value: 
      objectReference: {fileID: 0}
    m_RemovedComponents: []
  m_SourcePrefab: {fileID: 100100000, guid: 3d0ae3cf5da0ba3409cedcfbdbc9e035, type: 3}
--- !u!224 &9074760903865355224 stripped
RectTransform:
  m_CorrespondingSourceObject: {fileID: 1059555955886370925, guid: 3d0ae3cf5da0ba3409cedcfbdbc9e035,
    type: 3}
  m_PrefabInstance: {fileID: 8305845463886527413}
  m_PrefabAsset: {fileID: 0}
